@misc{labmanual,
    author={J.C. Dutton Ph.D},
    title={Experiment \#6: HOTWIRE ANEMOMETER AND CYLINDER WAKE EXPERIMENT},
    howpublished={\url{https://compass2g.illinois.edu/bbcswebdav/pid-4025253-dt-content-rid-48224978_1/courses/ae_460_120198_177612/AE460F19_HotwireAnemometry.pdf}}
}

@misc{thermal,
    author={Bethel Afework, et al.},
    title={Forced Convection},
    howpublished={\url{https://energyeducation.ca/encyclopedia/Forced_convection}}
}
@misc{deri,
    author = {Massachusetts Institute of Technology},
    title = {Fluids - Lecture 9 Notes},
    howpublished = {\url{http://web.mit.edu/16.unified/www/FALL/fluids/Lectures/f09.pdf}}
    
    }